% This file was created with JabRef 2.9.2.
% Encoding: ISO8859_1

@TECHREPORT{SSB70,
	author = {{U.S. Census Bureau}},
	title = {{SIPP} {S}ynthetic {B}eta Version 7.0},
	institution = {{U.S. Census Bureau} [producer] and Cornell University, Synthetic Data Server
	[distributor]},
	year = {2015},
	type = {[Computer file]},
	address = {Washington,DC and Ithaca, NY, USA},
	howpublished = {Computer file},
	organization = {Cornell University, Synthetic Data Server [distributor]},
	owner = {vilhuber},
	timestamp = {2018.09.10},
	url = {http://www2.vrdc.cornell.edu/news/data/sipp-synthetic-beta-file/}
}

@TECHREPORT{SSB602,
  author = {{U.S. Census Bureau}},
  title = {{SIPP} {S}ynthetic {B}eta Version 6.0.2},
  institution = {{U.S. Census Bureau} [producer] and Cornell University, Synthetic Data Server
  [distributor]},
  year = {2015},
  type = {[Computer file]},
  address = {Washington,DC and Ithaca, NY, USA},
  howpublished = {Computer file},
  organization = {Cornell University, Synthetic Data Server [distributor]},
  owner = {vilhuber},
  timestamp = {2015.01.10},
  url = {http://www2.vrdc.cornell.edu/news/data/sipp-synthetic-beta-file/}
}


@TECHREPORT{SSB6,
  author = {{U.S. Census Bureau}},
  title = {{SIPP} {S}ynthetic {B}eta Version 6.0},
  institution = {{U.S. Census Bureau} [producer] and Cornell University, Synthetic Data Server
  [distributor]},
  year = {2015},
  type = {[Computer file]},
  address = {Washington,DC and Ithaca, NY, USA},
  howpublished = {Computer file},
  organization = {Cornell University, Synthetic Data Server [distributor]},
  owner = {vilhuber},
  timestamp = {2015.01.10},
  url = {http://www2.vrdc.cornell.edu/news/data/sipp-synthetic-beta-file/}
}

@TECHREPORT{SSB5.1,
  author = {{U.S. Census Bureau}},
  title = {{SIPP} {S}ynthetic {B}eta Version 5.1},
  institution = {{U.S. Census Bureau} [producer] and Cornell University, Synthetic Data Server
	[distributor]},
  year = {2013},
  type = {[Computer file]},
  address = {Washington,DC and Ithaca, NY, USA},
  howpublished = {Computer file},
  organization = {Cornell University, Synthetic Data Server [distributor]},
  owner = {vilhuber},
  timestamp = {2013.06.10},
  url = {http://www2.vrdc.cornell.edu/news/data/sipp-synthetic-beta-file/}
}

@TECHREPORT{SSB5.0,
  author = {{U.S. Census Bureau}},
  title = {{SIPP} {S}ynthetic {B}eta Version 5.0},
  institution = {{U.S. Census Bureau} [producer] and Cornell University, Synthetic Data Server
	[distributor]},
  year = {2011},
  type = {[Computer file]},
  address = {Washington,DC and Ithaca, NY, USA},
  howpublished = {Computer file},
  organization = {Cornell University, Synthetic Data Server [distributor]},
  owner = {vilhuber},
  timestamp = {2013.06.10},
  url = {http://www2.vrdc.cornell.edu/news/data/sipp-synthetic-beta-file/}
}

@comment{jabref-meta: selector_review:}

@comment{jabref-meta: selector_publisher:}

@comment{jabref-meta: selector_author:}

@comment{jabref-meta: selector_journal:}

@comment{jabref-meta: selector_keywords:}
